<record><leader>00000cas a22000007a 4500</leader><controlfield tag="001">9407838</controlfield><controlfield tag="008">830414d1979198uinuwr ne      0   a0eng d</controlfield><datafield ind1=" " ind2=" " tag="010"><subfield code="a">sn 83007439 </subfield></datafield><datafield ind1=" " ind2=" " tag="040"><subfield code="a">NSD</subfield><subfield code="b">eng</subfield><subfield code="c">NSD</subfield><subfield code="d">NPI</subfield><subfield code="d">NSD</subfield><subfield code="d">NPI</subfield><subfield code="d">NSD</subfield><subfield code="d">OCLCQ</subfield></datafield><datafield ind1=" " ind2=" " tag="012"><subfield code="j">0</subfield><subfield code="m">d</subfield></datafield><datafield ind1="1" ind2=" " tag="022"><subfield code="a">0745-7308</subfield><subfield code="l">0745-7308</subfield><subfield code="2">1</subfield></datafield><datafield ind1=" " ind2=" " tag="037"><subfield code="b">Newsprint Productions, Inc., 406 E. Main St., Chesterfield, IN 46017</subfield></datafield><datafield ind1=" " ind2=" " tag="042"><subfield code="a">nsdp</subfield></datafield><datafield ind1="0" ind2=" " tag="130"><subfield code="a">Community courier (Chesterfield, Ind.)</subfield></datafield><datafield ind1=" " ind2="0" tag="222"><subfield code="a">Community courier</subfield><subfield code="b">(Chesterfield, Ind.)</subfield></datafield><datafield ind1="1" ind2="0" tag="245"><subfield code="a">Community courier.</subfield></datafield><datafield ind1=" " ind2=" " tag="260"><subfield code="a">Chesterfield, IN :</subfield><subfield code="b">Newsprint Productions</subfield></datafield><datafield ind1=" " ind2=" " tag="300"><subfield code="a">v. :</subfield><subfield code="b">ill.</subfield></datafield><datafield ind1=" " ind2=" " tag="310"><subfield code="a">Weekly</subfield></datafield><datafield ind1="1" ind2=" " tag="362"><subfield code="a">Began in late 1979?</subfield></datafield><datafield ind1=" " ind2=" " tag="588"><subfield code="a">Description based on: Vol. 3, no. 19 (Wednesday, Mar. 30, 1983).</subfield></datafield><datafield ind1=" " ind2=" " tag="752"><subfield code="a">United States</subfield><subfield code="b">Indiana</subfield><subfield code="c">Madison</subfield><subfield code="d">Chesterfield.</subfield></datafield><datafield ind1="0" ind2="0" tag="785"><subfield code="t">Courier press (Anderson, Ind.)</subfield><subfield code="x">0888-1952</subfield><subfield code="w">(DLC)sn 86013947</subfield></datafield><datafield ind1=" " ind2=" " tag="936"><subfield code="a">Mar. 30, 1983</subfield></datafield><datafield ind1="1" ind2=" " tag="029"><subfield code="a">AU@</subfield><subfield code="b">000025796866</subfield></datafield></record>